<record><leader>00000cas a22000007a 4500</leader><controlfield tag="001">10840649</controlfield><controlfield tag="008">840613d19131922nyudn ne      0    0eng d</controlfield><datafield ind1=" " ind2=" " tag="010"><subfield code="a">sn 84031318 </subfield></datafield><datafield ind1=" " ind2=" " tag="040"><subfield code="a">NYG</subfield><subfield code="b">eng</subfield><subfield code="c">NYG</subfield><subfield code="d">NYS</subfield><subfield code="d">OCLCQ</subfield></datafield><datafield ind1=" " ind2=" " tag="042"><subfield code="a">msc</subfield></datafield><datafield ind1="0" ind2="4" tag="245"><subfield code="a">The Glens Falls times and messenger.</subfield></datafield><datafield ind1="1" ind2="7" tag="246"><subfield code="a">Glens Falls times</subfield></datafield><datafield ind1=" " ind2=" " tag="260"><subfield code="a">Glens Falls, N.Y. :</subfield><subfield code="b">[Glens Falls Pub. Co.],</subfield><subfield code="c">1913-1922.</subfield></datafield><datafield ind1=" " ind2=" " tag="300"><subfield code="a">9 v. :</subfield><subfield code="b">ill.</subfield></datafield><datafield ind1=" " ind2=" " tag="310"><subfield code="a">Daily (except Sunday)</subfield></datafield><datafield ind1="0" ind2=" " tag="362"><subfield code="a">Vol. 34, no. 236 (Oct. 15, 1913)-v. 42, no. 235 (Oct. 6, 1922).</subfield></datafield><datafield ind1=" " ind2=" " tag="500"><subfield code="a">"Published every evening (except Sunday)--for the City of Glens Falls, Hudson Falls, Fort Edward, Lake George, South Glens Falls, Warrensburg and the adjoining country. No daily paper published in any of the above places except Glens Falls." Cf. Oct. 15, 1913, p. 4.</subfield></datafield><datafield ind1=" " ind2=" " tag="530"><subfield code="a">Available on microfilm from New York State Library.</subfield></datafield><datafield ind1=" " ind2="4" tag="651"><subfield code="a">Glens Falls (N.Y.)</subfield><subfield code="v">Newspapers.</subfield></datafield><datafield ind1=" " ind2=" " tag="752"><subfield code="a">United States</subfield><subfield code="b">New York</subfield><subfield code="c">Warren</subfield><subfield code="d">Glens Falls.</subfield></datafield><datafield ind1="0" ind2="4" tag="780"><subfield code="t">Glens Falls times (Glens Falls, N.Y. : 1913)</subfield><subfield code="w">(DLC)sn 84031317</subfield></datafield><datafield ind1="0" ind2="4" tag="780"><subfield code="t">Glen's Falls messenger</subfield><subfield code="w">(DLC)sn 83031133</subfield></datafield><datafield ind1="0" ind2="0" tag="785"><subfield code="t">Glens Falls times (Glens Falls, N.Y. : 1922)</subfield><subfield code="w">(DLC)sn 84031319</subfield></datafield><datafield ind1="1" ind2=" " tag="029"><subfield code="a">AU@</subfield><subfield code="b">000020335605</subfield></datafield></record>